<?xml version="1.0" encoding="UTF-8"?><collection xmlns="http://www.loc.gov/MARC21/slim"><record><leader>00400nam--2200145-i-4500</leader><controlfield tag="001">000012309</controlfield><controlfield tag="002">20161230</controlfield><controlfield tag="005">20161230201029</controlfield><controlfield tag="008">060222s1000------------r-----000-0-eng-d</controlfield><datafield ind1=" " ind2=" " tag="080"><subfield code="a">541.1:547(082.1)</subfield></datafield><datafield ind1=" " ind2=" " tag="245"><subfield code="a">Advances in physical organic chemistry</subfield></datafield><datafield ind1=" " ind2=" " tag="260"><subfield code="a">London, Academic Press, 1963-</subfield></datafield><datafield ind1=" " ind2=" " tag="490"><subfield code="a">Advances In Physical Organic Chemistry</subfield></datafield><datafield ind1=" " ind2=" " tag="700"><subfield code="a">Gold, V. And Bethell, D</subfield></datafield><datafield ind1=" " ind2=" " tag="852"><subfield code="a">19798</subfield></datafield></record></collection>